@misc{openCV1,
    author          = {ARNAB NANDI},
    title           = {I Suck At 24: Automating Card Games Using OpenCV and Python},
    url             = {http://arnab.org/blog/so-i-suck-24-automating-card-games-using-opencv-and-python}
    year            = {2016},
}
@misc{openCV2,
    author          = {Abid Rahman K},
    title           = {Sudoku Solver},
    url             = {http://opencvpython.blogspot.com/2012/06/sudoku-solver-part-3.html}
    year            = {2013},
}
@misc{heardData,
    author          = {Tom tmbdev},
    title           = {ocropy},
    url             = {https://github.com/tmbdev/ocropy}
    year            = {2016},
}
@misc{conv,
	author			= {Nielsen, M. A.},
	title			= {Neural Networks and Deep Learning},
	url	            = {http://neuralnetworksanddeeplearning.com/chap6.html}
    year            = {2016},
}
@misc{gpu2,
	author			= {LISA lab},
    title			= {Using GPUs - Tensorflow}
    url             = {http://deeplearning.net/software/theano/tutorial/using_gpu.html}
    year            = {2016},
}
@misc{tensorflow,
    title           = {{TensorFlow}: Large-Scale Machine Learning on Heterogeneous Systems},
    url             = {http://tensorflow.org/},
    note            = {Software available from tensorflow.org},
    author          = {
                        Mart\'{\i}n~Abadi and
                        Ashish~Agarwal and
                        Paul~Barham and
                        Eugene~Brevdo and
                        Zhifeng~Chen and
                        Craig~Citro and
                        Greg~S.~Corrado and
                        Andy~Davis and
                        Jeffrey~Dean and
                        Matthieu~Devin and
                        Sanjay~Ghemawat and
                        Ian~Goodfellow and
                        Andrew~Harp and
                        Geoffrey~Irving and
                        Michael~Isard and
                        Yangqing Jia and
                        Rafal~Jozefowicz and
                        Lukasz~Kaiser and
                        Manjunath~Kudlur and
                        Josh~Levenberg and
                        Dan~Man\'{e} and
                        Rajat~Monga and
                        Sherry~Moore and
                        Derek~Murray and
                        Chris~Olah and
                        Mike~Schuster and
                        Jonathon~Shlens and
                        Benoit~Steiner and
                        Ilya~Sutskever and
                        Kunal~Talwar and
                        Paul~Tucker and
                        Vincent~Vanhoucke and
                        Vijay~Vasudevan and
                        Fernanda~Vi\'{e}gas and
                        Oriol~Vinyals and
                        Pete~Warden and
                        Martin~Wattenberg and
                        Martin~Wicke and
                        Yuan~Yu and
                        Xiaoqiang~Zheng},
    year            = {2015},
}
