@misc{assignment,
    author          = "ARNAB NANDI",
    title           = " I Suck At 24: Automating Card Games Using OpenCV and Python",
    howpublished    = "http://arnab.org/blog/so-i-suck-24-automating-card-games-using-opencv-and-python"
}
@misc{heardData,
    author          = "Tom tmbdev",
    title           = "ocropy",
    howpublished    = "https://github.com/tmbdev/ocropy"
}