@misc{assignment,
    author          = "ARNAB NANDI",
    title           = " I Suck At 24: Automating Card Games Using OpenCV and Python",
    howpublished    = "http://arnab.org/blog/so-i-suck-24-automating-card-games-using-opencv-and-python"
}
@misc{heardData,
    author          = "Tom tmbdev",
    title           = "ocropy",
    howpublished    = "https://github.com/tmbdev/ocropy"
}
@misc{conv,
	author			= "Nielsen, M. A.",
	title			= "Neural Networks and Deep Learning",
	howpublished	= "http://neuralnetworksanddeeplearning.com/chap6.html"
}
@misc{gpu,
	author			= "Theano",
	title			= "Using The GPU â€” Theano 0.8.2 Documentation"
}
@misc{gpu2,
	author			= "Tensorflow",
    title			= "Using GPUs - Tensorflow"
}
@misc{tensorflow2015-whitepaper,
title={{TensorFlow}: Large-Scale Machine Learning on Heterogeneous Systems},
url={http://tensorflow.org/},
note={Software available from tensorflow.org},
author={
    Mart\'{\i}n~Abadi and
    Ashish~Agarwal and
    Paul~Barham and
    Eugene~Brevdo and
    Zhifeng~Chen and
    Craig~Citro and
    Greg~S.~Corrado and
    Andy~Davis and
    Jeffrey~Dean and
    Matthieu~Devin and
    Sanjay~Ghemawat and
    Ian~Goodfellow and
    Andrew~Harp and
    Geoffrey~Irving and
    Michael~Isard and
    Yangqing Jia and
    Rafal~Jozefowicz and
    Lukasz~Kaiser and
    Manjunath~Kudlur and
    Josh~Levenberg and
    Dan~Man\'{e} and
    Rajat~Monga and
    Sherry~Moore and
    Derek~Murray and
    Chris~Olah and
    Mike~Schuster and
    Jonathon~Shlens and
    Benoit~Steiner and
    Ilya~Sutskever and
    Kunal~Talwar and
    Paul~Tucker and
    Vincent~Vanhoucke and
    Vijay~Vasudevan and
    Fernanda~Vi\'{e}gas and
    Oriol~Vinyals and
    Pete~Warden and
    Martin~Wattenberg and
    Martin~Wicke and
    Yuan~Yu and
    Xiaoqiang~Zheng},
  year={2015},
}